@book{security_analysis,
	title={Security Analysis},
	author={Benjamin Graham and David Dodd},
	isbn={978-0071412285},
	series={},
	year={1940},
	publisher={{McGraw-Hill Education - Europe}},
	keywords={}
}

@book{the_intelligent_investor,
	title={The Intelligent Investor},
	author={Benjamin Graham},
	isbn={978-0-03-055566-5},
	series={},
	year={1973},
	Publisher={{Harper \& Brothers}},
	keywords={}
}

@book{margin_of_safety,
	title={Margin of Safety: Risk-averse Value Investing Strategies for the Thoughtful Investor},
	author={Seth Klarman},
	isbn={978-0887305108},
	series={},
	year={1991},
	Publisher={{Harper Collins}},
	keywords={}
}

@inproceedings{nn_intro,
   	author = {Terence Shin},
	title = {A Beginner-Friendly Explanation of How Neural Networks Work},
	booktitle = {},
	pages     = {},
	publisher = {},
	year      = {2022},
	url       = {https://towardsdatascience.com/a-beginner-friendly-explanation-of-how-neural-networks-work-55064db60df4},
	doi       = {},
	timestamp = {Fri, 27 May 2022 16:10:40 +0200},
	biburl    = {},
	bibsource = {}
}

@inproceedings{rf_intro,
   	author = {Houtao Deng},
	title = {An Introduction to Random Forest},
	booktitle = {},
	pages     = {},
	publisher = {},
	year      = {2018},
	url       = {https://towardsdatascience.com/random-forest-3a55c3aca46d},
	doi       = {},
	timestamp = {Fri, 27 May 2022 16:11:40 +0200},
	biburl    = {},
	bibsource = {}
}

@inproceedings{lasso_intro,
   	author = {Great Learning Team},
	title = {A Complete understanding of LASSO Regression},
	booktitle = {},
	pages     = {},
	publisher = {},
	year      = {2021},
	url       = {https://www.mygreatlearning.com/blog/understanding-of-lasso-regression},
	doi       = {},
	timestamp = {Fri, 27 May 2022 16:12:35 +0200},
	biburl    = {},
	bibsource = {}
}

@inproceedings{ols_intro,
   	author = {Valentina Alto},
	title = {Understanding the OLS method for Simple Linear Regression},
	booktitle = {},
	pages     = {},
	publisher = {},
	year      = {2019},
	url       = {https://towardsdatascience.com/understanding-the-ols-method-for-simple-linear-regression-e0a4e8f692cc},
	doi       = {},
	timestamp = {Fri, 27 May 2022 16:13:51 +0200},
	biburl    = {},
	bibsource = {}
}

@inproceedings{bagging,
   	author = {Jason Brownlee},
	title = {Essence of Bootstrap Aggregation Ensembles},
	booktitle = {},
	pages     = {},
	publisher = {},
	year      = {2021},
	url       = {https://machinelearningmastery.com/essence-of-bootstrap-aggregation-ensembles},
	doi       = {},
	timestamp = {Fri, 27 May 2022 16:35:11 +0200},
	biburl    = {},
	bibsource = {}
}

@inproceedings{dcf,
   	author = {Dave Ahern},
	title = {Explaining the DCF Valuation Model with a Simple Example},
	booktitle = {},
	pages     = {},
	publisher = {},
	year      = {2020},
	url       = {https://einvestingforbeginners.com/dcf-valuation},
	doi       = {},
	timestamp = {Fri, 27 May 2022 17:49:34 +0200},
	biburl    = {},
	bibsource = {}
}

@inproceedings{epv,
   	author = {Old School Value},
	title = {Earnings Power Value (EPV) Stock Valuation How-To},
	booktitle = {},
	pages     = {},
	publisher = {},
	year      = {2019},
	url       = {https://www.oldschoolvalue.com/stock-analysis/earnings-power-value-epv},
	doi       = {},
	timestamp = {Fri, 27 May 2022 17:54:29 +0200},
	biburl    = {},
	bibsource = {}
}

@inproceedings{ben_graham_formula,
   	author = {Old School Value},
	title = {Benjamin Graham Formula \& Stock Valuation},
	booktitle = {},
	pages     = {},
	publisher = {},
	year      = {2022},
	url       = {https://www.oldschoolvalue.com/stock-valuation/benjamin-graham-formula},
	doi       = {},
	timestamp = {Fri, 27 May 2022 17:56:23 +0200},
	biburl    = {},
	bibsource = {}
}

@inproceedings{dcf_old_school_value,
   	author = {Old School Value},
	title = {DCF Stock Valuation},
	booktitle = {},
	pages     = {},
	publisher = {},
	year      = {2020},
	url       = {https://www.oldschoolvalue.com/stock-valuation/how-value-stocks-dcf},
	doi       = {},
	timestamp = {Fri, 27 May 2022 17:56:23 +0200},
	biburl    = {},
	bibsource = {}
}

@inproceedings{ml-based_fin_statement_analysis,
   	author = {Amir Amel-Zadeh and Jan-Peter Calliess and Daniel Kaiser and Stephen Roberts},
	title = {Machine Learning-Based Financial Statement Analysis},
	booktitle = {},
	pages     = {},
	publisher = {University of Oxford},
	year      = {2020},
	url       = {https://papers.ssrn.com/sol3/papers.cfm?abstract_id=3520684},
	doi       = {},
	timestamp = {Fri, 27 May 2022 19:13:45 +0200},
	biburl    = {},
	bibsource = {}
}